@article{go,
title = "Monte-Carlo tree search and rapid action value estimation in computer Go",
journal = "Artificial Intelligence",
volume = "175",
number = "11",
pages = "1856 - 1875",
year = "2011",
note = "",
issn = "0004-3702",
doi = "10.1016/j.artint.2011.03.007",
url = "http://www.sciencedirect.com/science/article/pii/S000437021100052X",
author = "Sylvain Gelly and David Silver",
keywords = "Computer Go",
keywords = "Monte-Carlo",
keywords = "Search",
keywords = "Reinforcement learning"
}

@InProceedings{general,
title = "Simulation-based approach to general game playing",
booktitle = "AAAI'08 Proceedings of the 23rd national conference on Artificial intelligence",
author = "Hilmar Finnsson and Yngvi Bjornsson",
year = "2008",
volume = "1",
page = "259-264"
}

@article{war,
title = "Monte Carlo tree search in Kriegspiel",
journal = "Artificial Intelligence",
volume = "174",
number = "11",
pages = "670 - 684",
year = "2010",
note = "",
issn = "0004-3702",
doi = "10.1016/j.artint.2010.04.017",
url = "http://www.sciencedirect.com/science/article/pii/S0004370210000536",
author = "Paolo Ciancarini and Gian Piero Favini",
keywords = "Games",
keywords = "Chess",
keywords = "Kriegspiel",
keywords = "Incomplete information",
keywords = "Monte Carlo tree search"
}

@InProceedings{checkerssolved,
author = "Jonathan Schaeffer and Yngvi Bjornsson and Neil Burch and Akihiro Kishimoto and Martin Muller and Rob Lake and Paul Lu and Steve Sutphen",
title={Solving Checkers},
booktitle={International Joint Conference on Artificial Intelligence (IJCAI)},
pages={292-297},
year={2005},
}




@Article{loa,
author = {Mark H.M. Winands and Yngvi Björnsson},
title = {Evaluation Function Based Monte-Carlo LOA},
journal = {Advances in Computer Games},
year = {2009},
}
@InProceedings{mctssolver,
author = {Mark H. M. Winands and Yngvi Björnsson},
title = {Monte-Carlo Tree Search Solver},
booktitle = {Computers and Games, 6th International Conference, CG 2008, Beijing, China, September 29 - October 1, 2008. Proceedings},
series = {Lecture Notes in Computer Science}

}

@Article{pacman,
author = {S. Samothrakis and D. Robles and S. Lucas.},
title = {Fast approximate max-n Monte-Carlo Tree Search for Ms Pac-Man.},
journal = {IEEE Transactions on Computational Intelligence and AI in Games},
year = {2011},
}

